@manual{anleitungV27,
    author = "TU Dortmund" ,
    title = "Versuch 27: Zeeman-Effekt",
    year = 2018,
    url = "http://129.217.224.2/HOMEPAGE/PHYSIKER/BACHELOR/FP/SKRIPT/V27.pdf",
    urldate = "2018-11-10",
}
@manual{termschemata,
    author = "Lars Klompmaker und Fabian Lehmann" ,
    title = "Versuch 27: Zeeman-Effekt, Abbildung 1: Die Termschemata der betrachteten Linien, S.5",
    year = 2018,
}