@manual{anleitungV16,
    author = "TU Dortmund: Physikalisches Praktikum" ,
    title = "Versuch 16: Rutherford Streuung",
    year = 2018,
    url = "http://129.217.224.2/HOMEPAGE/PHYSIKER/BACHELOR/FP/SKRIPT/Rutherford.pdf",
    urldate = "2018-12-13",
}