@manual{anleitungV16,
    author = "TU Dortmund: Physikalisches Praktikum" ,
    title = "Versuch 16: Rutherford Streuung",
    year = 2018,
    url = "http://129.217.224.2/HOMEPAGE/PHYSIKER/BACHELOR/FP/SKRIPT/Rutherford.pdf",
    urldate = "2018-12-13",
}
@manual{AmericiumZerfall,
    author = "archive.today" ,
    title = "Theorie Americium",
    year = 2019,
    url = "http://archive.is/f8fyZ",
    urldate = "2019-01-24",
}
@manual{GasGesetz,
    author = "Chemie.de" ,
    title = "Thermische Zustandsgleichung idealer Gase",
    year = 2019,
    url = "http://www.chemie.de/lexikon/Thermische_Zustandsgleichung_idealer_Gase.html",
    urldate = "2019-01-24",
}
@manual{Luftdichte,
    author = "Chemie.de" ,
    title = "Luftdichte",
    year = 2019,
    url = "http://www.chemie.de/lexikon/Luftdichte.html",
    urldate = "2019-01-24",
}
@manual{Stickstoff,
    author = "Chemie.de" ,
    title = "Stickstoff",
    year = 2019,
    url = "http://www.chemie.de/lexikon/Stickstoff.html",
    urldate = "2019-01-24",
}
@manual{Sauerstoff,
    author = "Chemie.de" ,
    title = "Sauerstoff",
    year = 2019,
    url = "http://www.chemie.de/lexikon/Sauerstoff.html",
    urldate = "2019-01-24",
}
@manual{Sauerstoff0,
    author = "PDG Live" ,
    title = "Atomic and nuclear properties of materials: Oxygen Gas",
    year = 2019,
    url = "http://pdg.lbl.gov/2011/AtomicNuclearProperties/HTML_PAGES/008.html",
    urldate = "2019-03-06",
}
@manual{Stickstoff0,
    author = "PDG Live" ,
    title = "Atomic and nuclear properties of materials:Nitrogen gas",
    year = 2019,
    url = "http://pdg.lbl.gov/2011/AtomicNuclearProperties/HTML_PAGES/007.html",
    urldate = "2019-03-06",
}











