@manual{anleitungV46,
    author = "TU Dortmund: Physikalisches Praktikum" ,
    title = "Versuch 46: Faraday-Effekt an Halbleitern",
    year = 2019,
    url = "http://129.217.224.2/HOMEPAGE/PHYSIKER/BACHELOR/FP/SKRIPT/V46.pdf",
    urldate = "2019-01-16",
}
@manual{GalliumArsenide,
    author = "Filmmetrics" ,
    title = "Brechungsindex von Gallium Arsenide",
    year = 2019,
    url = "https://www.filmetrics.de/refractive-index-database/GaAs/Gallium-Arsenide",
    urldate = "2019-01-17",
}
@manual{Elektronenmasse,
    author = "Chemie.de" ,
    title = "Elektron",
    year = 2019,
    url = "http://www.chemie.de/lexikon/Elektron.html",
    urldate = "2019-01-17",
}
@manual{EffectiveMass,
    author = "Bart J. Van Zeghbroeck" ,
    title = "Effective mass in semiconductors",
    year = 2019,
    url = "http://ecee.colorado.edu/~bart/book/effmass.html",
    urldate = "2019-01-17",
}





