@manual{anleitungV16,
    author = "TU Dortmund: Physikalisches Praktikum" ,
    title = "Versuch 16: Rutherford Streuung",
    year = 2018,
    url = "http://129.217.224.2/HOMEPAGE/PHYSIKER/BACHELOR/FP/SKRIPT/Rutherford.pdf",
    urldate = "2018-12-13",
}
@manual{AmericiumZerfall,
    author = "archive.today" ,
    title = "Theorie Americium",
    year = 2019,
    url = "http://archive.is/f8fyZ",
    urldate = "2019-01-24",
}
@manual{GasGesetz,
    author = "Chemie.de" ,
    title = "Thermische Zustandsgleichung idealer Gase",
    year = 2019,
    url = "http://www.chemie.de/lexikon/Thermische_Zustandsgleichung_idealer_Gase.html",
    urldate = "2019-01-24",
}
@manual{Luftdichte,
    author = "Chemie.de" ,
    title = "Luftdichte",
    year = 2019,
    url = "http://www.chemie.de/lexikon/Luftdichte.html",
    urldate = "2019-01-24",
}
@manual{Stickstoff,
    author = "Chemie.de" ,
    title = "Stickstoff",
    year = 2019,
    url = "http://www.chemie.de/lexikon/Stickstoff.html",
    urldate = "2019-01-24",
}
@manual{Sauerstoff,
    author = "Chemie.de" ,
    title = "Sauerstoff",
    year = 2019,
    url = "http://www.chemie.de/lexikon/Sauerstoff.html",
    urldate = "2019-01-24",
}









