@manual{anleitungV47,
    author = "TU Dortmund: Physikalisches Praktikum" ,
    title = "Versuch 47: Temperaturabhängigkeit der Molwärme von Festkörpern",
    year = 2018,
    url = "http://129.217.224.2/HOMEPAGE/PHYSIKER/BACHELOR/FP/SKRIPT/V47.pdf",
    urldate = "2018-11-30",
}
@manual{AtommasseKupfer,
    author = "Chemie.de" ,
    title = "Kupfer",
    year = 2018,
    url = "http://www.chemie.de/lexikon/Kupfer.html",
    urldate = "2018-11-30",
}
@manual{DichteKupfer,
    author = "Chemnitzer Schulmodell" ,
    title = "Dichte fester Stoffe",
    year = 2018,
    url = "https://www.schulmodell.eu/index.php/physik/503-dichte-fester-stoffe.html",
    urldate = "2018-11-30",
}
@manual{KompressionsmodulKupfer,
    author = "Goodfellow" ,
    title = "Kupfer - Materialinformationen",
    year = 2018,
    url = "http://www.goodfellow.com/G/Kupfer.html",
    urldate = "2018-11-30",
}
@manual{AvogradoKonstante,
    author = "Chemie.de" ,
    title = "AvogradoKonstante",
    year = 2018,
    url = "http://www.chemie.de/lexikon/Avogadro-Konstante.html",
    urldate = "2018-12-01",
}
@manual{BoltzmannKonstante,
    author = "Spektrum.de" ,
    title = "Lexikon der Physik: Boltzmann-Konstante",
    year = 2018,
    url = "https://www.spektrum.de/lexikon/physik/boltzmann-konstante/1844",
    urldate = "2018-12-01",
}
@manual{DebyeTemperaturKupfer,
    author = "Chemie.de" ,
    title = "Debye-Modell",
    year = 2018,
    url = "http://www.chemie.de/lexikon/Debye-Modell.html",
    urldate = "2018-12-01",
}
@manual{Vergleichder3Modelle,
    author = "Siegfried Leffel" ,
    title = "Thermische Eigenschaften von Werkstoffen",
    year = 2018,
    url = "https://slideplayer.org/slide/209739/",
    urldate = "2018-12-02",
}
@manual{HeliumDaten,
    author = "Thomas Seilnacht" ,
    title = "Helium",
    year = 2018,
    url = "http://www.seilnacht.com/Lexikon/2Helium.html",
    urldate = "2018-12-12",
}






